@book{char_class,
	author = "{John}, {W. Milnor} and {James}, {D. Stasheff}",
	title = "{Characteristic Classes}",
	publisher = "{Princeton University Press}",
	year = "1974",
}

@book{vec_bundles,
	author = "{Hatcher Allen}",
	title = "{Vector Bundles and K-Theory}",
	year = "2017",
}
